4059 6800
752 162 1534 339 bupleuri&

352 419 863 600 geuisbonoribus
888 424 1152 568 audior,
1182 429 1247 550 ὃ(
1279 421 1395 541 tuis
1430 411 1661 544 civibus
1677 411 1998 548 amanriffi

353 634 466 717 mrs
484 633 674 718 canor
691 624 1014 718 revertaris.

358 827 362 830 ·
435 761 780 890 Absentiam
796 759 1118 924 Maiestatis
1136 762 1303 899 Tuae,
1320 753 1394 880 ab
1422 761 1721 917 annisiam
1749 755 2002 879 nimiun

353 930 553 1054 multis
583 964 786 1102 gentes
817 966 930 1051 tuae
960 933 1020 1050 in
1063 969 1375 1058 emuerea,
1407 965 1521 1048 nec
1550 924 1865 1051 virtutibus
1880 933 1994 1048 tui

193 1169 198 1180 ·
353 1095 594 1223 ulterius
615 1096 879 1226 fraudate
911 971 1185 1266 polbmt:
1238 1093 1523 1223 Miserere
1539 1091 1890 1229 tristium&
1919 1136 1999 1214 re

175 1273 180 1286 '
355 1263 506 1389 dirui
533 1305 640 1390 tuo
674 1270 1227 1391 immorientium:
1263 1262 1616 1388 Conscende
1647 1262 1903 1410 navem,
1942 1261 2002 1387 da

359 1435 490 1558 vela
522 1442 752 1582 venna,
784 1477 897 1558 nec
924 1433 1138 1605 gaudia
1168 1429 1991 1565 tuorum'diutiusmorare)

358 1607 694 1771 Nunquam
723 1615 783 1725 in
812 1638 871 1726 te
902 1609 1174 1769 peccavit
1188 1605 1489 1753 Britannia
1513 1635 1645 1744 tua,
1677 1603 1770 1727 led
1797 1601 1915 1724 ne'e
1954 1613 2002 1722 ir

362 1775 699 1935 parentem:
744 1769 938 1936 Quod
962 1766 1027 1894 ut
1058 1768 1346 1898 Paradoxi
1370 1769 1701 1938 monstrum
1725 1767 1994 1946 mortale

357 1935 560 2070 forsan
582 1939 999 2076 exsibilabunt,
1033 1952 1099 2070 δι’
1132 1941 1376 2106 exspuet
1399 1938 1561 2065 orbis
1580 1937 1902 2063 vestrarum
1921 1943 1998 2063 in

338 2115 640 2272 'juriatum
672 2144 791 2236 tam
809 2110 1069 2234 diutinus
1087 2149 1208 2234 tam
1235 2115 1392 2231 iners
1424 2106 1611 2234 testis:
1664 2113 1751 2234 At
1776 2107 2002 2230 nullun

281 2289 284 2296 ’
360 2275 653 2445 arripode
698 2273 1030 2403 Oraeulum
1075 2282 1314 2402 verius:
1366 2281 1663 2402 Britannia
1703 2275 1851 2399 nibil
1894 2284 2002 2400 in.

310 2447 315 2454 ’
356 2445 593 2590 Vestras
623 2447 962 2612 Majestates
980 2440 1305 2571 commisitt
1347 2444 1447 2570 Ad
1473 2464 1633 2610 arma
1658 2444 1856 2572 civilia
1874 2487 2002 2569 nor

363 2605 678 2752 clamavit,
724 2616 1083 2784 perduellem
1129 2624 1193 2744 dc
1225 2609 1591 2785 faediftagum
1617 2629 2002 2742 exercitum.

362 2793 499 2907 non¹
526 2786 901 2952 conscripsit,
932 2780 1104 2909 fatale
1135 2780 1470 2916 faedusnon
1505 2782 1832 2948 dejeravit,
1885 2789 2002 2910 Re·

357 2995 496 3115 gem
525 2952 692 3078 suum
723 2953 797 3076 ad
822 2952 1160 3121 sceleratum
1177 2949 1434 3077 tribunal
1459 2996 1590 3108 non,
1614 2949 1780 3098 stitit,
1809 2957 2002 3116 Maje·

360 3117 565 3278 statem
596 3117 884 3260 Tuam„
918 3158 1201 3293 parente,
1236 3163 1473 3293 tegno,
1510 3117 1777 3261 civibuS,
1798 3120 2002 3285 subdi·

359 3289 550 3459 tisque
588 3289 856 3418 orbatam
888 3392 904 3438 ‚
936 3288 1009 3417 ad
1047 3329 1277 3421 exteras
1317 3296 1597 3463 regiones
1635 3311 1763 3416 non
1796 3298 2002 3456 eiecit:

361 3462 496 3583 Sola
527 3462 816 3587 colluvies
842 3461 944 3587 illa
983 3460 1270 3589 deformis
1299 3468 1661 3597 netariorum
1701 3462 2001 3589 tenebrio-

335 3626 506 3755 num
535 3628 659 3754 haec
690 3629 904 3756 cunata
935 3630 1266 3761 execranda
1294 3632 1604 3800 procudit,
1629 3637 1734 3800 qui
1758 3670 2000 3789 omnem

361 3798 784 3927 verecundiam
812 3812 877 3939 be
895 3805 1251 3970 probitatem
1267 3797 1451 3971 usque
1465 3802 1614 3932 adeo
1624 3802 2000 3937 decoxerant

360 4004 428 4091 ut
459 4009 599 4094 cum
626 3970 1077 4119 arbitrarentur,
1099 3967 1390 4142 'quamdiu
1415 3975 1641 4141 vigeret
1664 3968 1808 4135 justa
1834 3974 1999 4094 a'uto·

192 4216 196 4223 ,
304 4238 307 4243 .
361 4139 503 4258 ritas
533 4135 820 4261 moderati
856 4142 1181 4309 Principis,
1225 4146 1286 4265 in
1321 4144 1509 4312 regno
1542 4142 1744 4272 locum
1779 4140 1999 4265 nullum

204 4308 207 4315 ⁴
362 4300 468 4433 fibi
497 4301 967 4469 superfuturum,
995 4306 1136 4476 quia
1164 4306 1478 4437 honestum
1499 4305 1881 4469 benemeritis
1902 4354 1998 4435 ne·

363 4479 678 4634 quiverant
702 4476 1058 4641 procuratu
1074 4476 1997 4647 regnumevertereafundamen·

188 4762 191 4768 ,
362 4644 437 4767 tis
456 4636 819 4789 statuerunt,
845 4678 914 4766 ut
941 4644 1247 4771 virulentis
1277 4643 1813 4774 machinationibus
1846 4653 1997 4810 poti·

362 4808 575 4979 ti,·ipsr
591 4808 698 4936 loli
713 4848 806 4937 tot
828 4818 1054 4997 segnia,
1075 4849 1169 4938 tot
1183 4807 1456 4991 gentibus
1473 4804 1713 4987 impune
1732 4814 1996 4955 domina·

363 5015 581 5111 rentur.
756 5084 762 5096 .
968 5094 974 5103 .
1272 5072 1277 5086 .
1375 5027 1380 5084 t
1465 5070 1468 5077 -
1862 5075 1866 5084 .

369 5225 376 5253 ι
447 5142 572 5294 Illi,
602 5146 683 5274 illi
716 5144 890 5279 ferale
907 5193 1121 5324 pegma
1151 5143 1812 5327 sempiternidedecoris
1835 5169 1896 5293 dt
1916 5165 1995 5286 in·

361 5308 552 5443 famia
579 5357 935 5460 erexerunt,
965 5325 1131 5484 eujus
1161 5329 1223 5447 in
1252 5318 1473 5453 vertite
1496 5318 1735 5482 ,noster
1764 5362 1994 5480 vertere

365 5508 660 5653 caputque
675 5488 1340 5659 interiit‚quolsandlius
1355 5494 1581 5622 nullum
1599 5492 1993 5623 laumanisam·

363 5672 636 5825 putatum
670 5655 748 5781 ab
777 5658 1080 5794 humeris,
1112 5667 1174 5785 in
1207 5695 1424 5791 terram
1458 5703 1724 5835 unquam
1751 5662 1993 5795 deciditr

170 5978 174 5992 ἱ
325 5924 332 5937 .
362 5824 432 5951 Ο
466 5822 832 5995 requiescant
860 5828 1174 5969 Beatisstmi
1204 5838 1462 5978 Maneat
1510 5831 1798 5970 coelorum
1827 5861 1992 5961 norm

1806 6002 1992 6195 hospi·
