4059 6800
471 347 472 352 ψ
581 158 584 168 ’
720 175 735 244 ⁷
822 209 1484 379 uuorcrrlo

322 409 744 556 rent‚mereri‚¹
787 411 977 574 &qui
991 407 1399 580 perpetrarent
1412 398 1561 536 boni
1593 415 1791 572 patria
1810 418 1975 534 cives

120 575 124 583 ’
323 586 729 711 crederentur:
775 583 947 704 Huic
964 609 1118 741 quot
1137 573 1463 747 praestigia,
1496 569 1620 705 fuci
1654 619 1722 702 ac
1752 570 1977 748 sophis-

322 775 693 917 mata2quot
708 740 1156 874 mendaciorum
1173 768 1491 918 portenta?
1511 743 1832 900 Horrescit
1848 758 1980 869 ani-

322 920 561 1052 musad
588 908 943 1040 e'ffraenatam
969 919 1050 1037 im
1091 908 1397 1039 udentiam
1431 912 1675 1044 illorum
1706 915 1979 1085 perduel-

321 1092 469 1219 lium
487 1104 552 1224 δε
570 1079 934 1212 ficariorum:
960 959 1389 1251 rpslnlastores
1408 1124 1477 1209 ac
1499 1087 1660 1214 Dira
1676 1087 1808 1218 sunt
1823 1119 1978 1218 tute·

323 1259 645 1432 laresgenii
660 1296 797 1378 curn
815 1253 932 1382 illis
948 1247 1736 1428 quadruplatoribuscollati:
1750 1261 1983 1426 Regem

324 1423 523 1575 suum,
546 1431 821 1549 omnium
841 1437 1147 1594 quotquot
1159 1462 1431 1589 unquam
1445 1462 1764 1598 regnarunt
1779 1433 1841 1550 in
1860 1461 1982 1548 ter-

327 1604 405 1720 ris
438 1591 850 1723 faustissimum
879 1630 946 1716 ut
970 1600 1151 1720 armis
1171 1588 1478 1727 lacessere,
1507 1591 1715 1762 praeliis
1736 1591 1980 1730 insidia·

328 1777 410 1900 ri,
441 1761 724 1932 perversis
737 1760 890 1890 dolis
906 1803 1151 1928 capere3
1178 1759 1242 1882 in
1272 1758 1865 1918 iudicsodamnare),
1894 1762 1981 1887 ul·

251 1929 253 1934 ’
326 1942 477 2060 timo
510 1931 795 2100 supplicio
837 1929 1072 2086 afficere
1107 1924 1226 2058 ausr
1260 1927 1427 2060 sunt:
1476 1940 1562 2061 At
1593 1931 1682 2058 hae
1709 1939 1984 2104 primitia

324 2135 557 2231 tantum
581 2101 686 2226 seu·
711 2100 1002 2274 spicilegia
1028 2096 1439 2234 damnorum
1459 2146 1473 2219 ε
1493 2156 1510 2263 ᾗ
1527 2101 1775 2263 Quibus
1804 2145 1979 2237 acc-u·

146 2413 147 2418 Ν
328 2269 655 2402 sationibus
671 2273 1076 2395 innocentiam
1093 2275 1218 2427 eius
1243 2269 1574 2418 obrucre),
1604 2279 1742 2398 vita
1768 2271 1977 2398 sandi·

328 2476 510 2570 tatem
550 2443 857 2608 denigrare
889 2445 1089 2565 conati
1122 2438 1306 2578 lunt?
1363 2438 1536 2608 Quid
1567 2448 1629 2565 in
1661 2441 1983 2576 crudelissi-

329 2648 495 2738 mum
513 2615 826 2741 Neronem
841 2613 1170 2780 excogitari
1187 2619 1403 2776 potuit,
1420 2610 1583 2779 quod
1601 2648 1722 2734 tam
1740 2621 1845 2782 pio
1859 2617 1982 2738 Re-

328 2785 389 2952 gi
421 2775 802 2918 infamando,
831 2822 939 2949 per
952 2785 1167 2950 viginti
1182 2818 1407 2927 annos,
1435 2789 1495 2906 in
1519 2777 1984 2949 scriptisdislis,

328 2949 681 3118 plebiscito,
712 2949 1140 3084 concionibus,
1159 2948 1560 3103 familiaribus
1577 2948 1896 3122 colloquiis
1915 2995 1984 3077 e-

325 3159 574 3246 vomere
590 3116 955 3252 omiserunt?
999 3115 1175 3249 Nihil
1204 3152 1404 3244 tamen
1431 3118 1728 3253 ardentius
1799 3164 1979 3250 uaere·

325 3283 501 3437 bant,
536 3325 719 3461 quarn
748 3323 815 3413 ut
829 3287 1114 3415 libertatis
1132 3297 1329 3459 patria
1359 3287 1692 3440 assertores,
1718 3165 1982 3467 rdlligio.

322 3463 417 3583 nis
435 3499 589 3585 vera
605 3458 873 3589 vindices
890 3456 1191 3583 audirent:
1242 3465 1475 3592 Verum
1503 3454 1544 3585 sr
1574 3467 1637 3582 in
1654 3466 1830 3594 unius
1850 3466 1979 3602 Ca-

323 3627 436 3753 roli
468 3662 678 3797 caput,
708 3624 1055 3754 eamfabam
1085 3628 1403 3796 cudissem,
1438 3648 1828 3804 (quanquam
1856 3663 1984 3759 rre-

323 3793 614 3925 mendum
640 3838 709 3924 ac
741 3794 1113 3926 formidabile
1143 3800 1525 3971 exemplum,
1561 3844 1674 3927 nec
1706 3800 1978 3934 coelum.)

323 4003 438 4089 nec
455 4002 886 4135 terraunquam
911 3972 1319 4118 condonabit,
1351 4003 1453 4092 aut
1479 3966 1981 4117 obliviscetur,·&

244 4216 247 4225 =
324 4128 783 4264 dmiserabilem
800 4134 966 4261 'illius
981 4138 1274 4311 Principis
1287 4136 1980 4310 conditionemncujus

216 4360 267 4410 κ
323 4306 521 4435 vitat
562 4342 999 4476 perpaucorum
1042 4307 1433 4477 perduellium
1477 4316 1982 4479 interpretationi-

323 4468 439 4598 bus
452 4475 709 4646 pendet)
739 4466 1102 4603 tolerabilior
1117 4512 1317 4605 tamen
1335 4524 1406 4605 ea
1423 4475 1854 4651 qualiscunque
1871 4483 1975 4619 dc·

324 4649 552 4771 mentia
586 4638 816 4778 fuisset,
847 4654 911 4775 ὅ(
938 4638 1143 4774 furor:
1179 4642 1290 4776 sed
1305 4652 1572 4823 Regem,
1602 4652 1981 4825 Regiumque

323 4840 436 4982 pro
476 4823 673 4965 ensem
701 4808 1078 4953 exscindere,
1105 4814 1538 4964 Ecclesiam&
1567 4860 1847 4994 regnum,
1882 4825 1976 4960 se,

324 4860 566 5157 suallque
584 4980 886 5110 clientelas
904 5018 1062 5109 ortas
1081 4984 1115 5112 ὲ
1131 5030 1298 5154 caeno
1313 5026 1383 5114 ut
1402 4990 1596 5134 ranas,
1626 5027 1729 5116 aut
1755 4987 1979 5167 fungos

327 5150 361 5276 ὲ
378 5155 578 5327 pluvia
597 5150 889 5281 matutini
919 5154 1136 5325 opibus
1153 5154 1632 5296 taminvidendis
1651 5156 1976 5333 locupleta-

204 5420 207 5427 .
320 5362 466 5467 re),
496 5319 824 5492 quidaliud
851 5364 1035 5495 quam
1069 5320 1146 5453 sei
1176 5330 1284 5475 ¹sos
1312 5326 1566 5455 infames
1594 5326 1978 5462 Architeblos

212 5526 213 5529 ‘
324 5499 619 5623 malorum
649 5498 959 5630 omniurn,
992 5374 1303 5666 pestiferos
1331 5502 1675 5670 Regicidas‚
1694 5510 1894 5669 patria
1912 5550 1976 5631 e·

323 5666 624 5813 versores,
653 5664 757 5792 sub
785 5652 922 5791 fieta
938 5672 1153 5832 pietate
1179 5670 1476 5799 latitantes
1493 5662 1976 5848 orbiproclama-

323 5848 538 5967 runt'?
607 5996 609 5999 Ι
712 5874 717 5886 ·
883 5905 887 5913 ·
1277 5864 1280 5870 ’
1968 5932 1974 5937 -

1860 6008 1972 6150 Sed
