4059 6800
570 227 1224 402 DEDICATIO.

142 481 247 610 Sed
262 478 423 654 quid
439 526 557 656 ego
570 480 894 646 Maiestatis
912 480 1223 609 masuetus
1240 523 1444 626 aures,
1474 487 1723 622 insulsis-

79 649 352 778 smorum
381 661 713 782 Lemurum
742 696 811 777 ac
841 651 1162 788 furiarum,
1193 653 1420 823 ingrati
1450 700 1717 793 comme·

70 826 409 958 moratione
438 819 851 990 perfoderem?
902 826 1008 989 qui
1040 823 1407 947 circumlatas
1436 830 1497 954 in
1512 835 1719 994 pedo·

68 1031 121 1114 re
133 985 516 1161 sibimetipsis
542 1030 744 1159 poenas
761 989 1030 1161 quotidie
1057 988 1327 1153 solvunt,
1355 988 1499 1118 dum
1523 1036 1736 1170 popu·

65 1155 262 1286 lorum
287 1158 807 1305 execrationibus,
852 1169 916 1289 bc
949 1162 1191 1284 internis
1223 1161 1714 1293 conscientiarum

14 1456 15 1474 Ν
62 1324 318 1498 flagellis
345 1324 674 1498 supersunt:
726 1333 804 1453 Et
833 1367 973 1452 cum
1000 1325 1126 1454 dies
1156 1361 1278 1450 atra
1301 1339 1565 1480 venerit,
1596 1335 1716 1500 qui.

12 1474 14 1536 ³
61 1511 303 1622 animas
332 1495 742 1665 impurissimos
756 1493 1149 1643 exhalabunt,
1172 1530 1306 1621 ram
1341 1492 1446 1622 suo
1518 1501 1711 1632 uam,

60 1669 266 1793 alieno
309 1667 603 1832 sanguine·
618 1660 834 1834 perfusi
878 1663 1158 1834 supplicia
1196 1700 1407 1790 aterna
1438 1543 1713 1830 stlbibunt

65 1838 374 1964 demeritis
388 1834 563 2002 paria.
604 1843 691 1960 At
715 1830 1085 2000 Majesta'tcm
1103 1837 1301 1958 Tuam
1328 1830 1597 2003 splendor
1612 1882 1709 1992 or-

60 2038 201 2149 nat,
260 2017 330 2134 &
358 2007 593 2130 virtutis
623 1999 1090 2128 vividae'excelsa
1112 2001 1394 2147 radiatio,
1423 2050 1548 2171 non
1578 2047 1710 2176 par«

61 2211 122 2298 ta
138 2177 474 2298 temerariis
488 2167 739 2294 fortuna
752 2169 1049 2315 ludis,sed
1064 2169 1519 2338 exquisitissimis
1537 2179 1708 2304 Con·

63 2341 297 2470 stantiae
327 2355 393 2474 ὃ(
419 2337 930 2514 Magnanimitatis
959 2334 1447 2467 honestamentis:
1500 2353 1712 2515 Quam

65 2505 356 2680 Majestas
383 2514 520 2638 Tua
549 2539 643 2632 tot
665 2509 899 2678 Regum
925 2547 1068 2634 vera
1097 2547 1399 2682 propag0,
1445 2506 1613 2682 supra
1639 2560 1709 2643 o·
1837 2549 1855 2596 ’ν

71 2719 243 2806 mnes
275 2676 686 2805 Antecelsores
731 2683 869 2801 tuos
909 2679 972 2798 in
1008 2678 1355 2805 immensam
1383 2677 1711 2810 sublimita-

82 2887 192 2974 tem
224 2845 549 2982 attollens,
578 2842 731 2969 intra
756 2878 994 3009 penates
1027 2842 1281 2984 inferes,
1311 2848 1554 3017 quando
1582 2857 1707 2980 Bri·
1910 2982 1914 2989 ,

80 3025 341 3144 uoniam
370 3048 624 3149 tuam„
654 3011 904 3181 pristina
934 3007 1212 3140 felicitati
1234 3012 1531 3166 restitues,
1548 3019 1714 3150 resti.

39 3279 40 3328 ᾗ
77 3221 235 3312 tutus
269 3191 337 3311 ὅ(
352 3185 472 3354 ipse
499 3215 612 3309 tuae
639 3185 977 3310 Britanniae.
1028 3180 1200 3350 Quid
1217 3190 1376 3310 enim
1388 3184 1548 3314 aliud
1561 3233 1712 3359 pra-

27 3333 40 3455 r'
67 3392 151 3485 ter
180 3353 446 3497 ardentis
472 3347 674 3524 gloria
712 3347 919 3481 lumen
948 3382 1049 3514 tot
1071 3355 1365 3507 Henrici,
1416 3359 1711 3497 Edoardi‚

17 3529 18 3532 ’
64 3524 278 3697 Jacobi
301 3520 337 3646 a
362 3520 599 3692 proavis
627 3557 937 3691 acceptum
951 3519 1195 3691 posteris
1217 3522 1579 3680 tradidere),
1602 3527 1716 3655 src·.

65 3736 128 3823 ut
180 3707 249 3821 in
291 3690 464 3819 cursu
492 3726 719 3819 veteres
761 3695 951 3817 Graeci
982 3688 1290 3865 Lampada
1329 3695 1712 3865 sequentibus

66 3860 507 4036 porrigebant,
555 3894 623 3983 ut
650 3856 759 3983 tibi
794 3861 1077 3986 omnibus
1107 3866 1353 3995 Naturae
1389 3900 1710 3991 ornamen-

70 4074 142 4161 trs
171 4020 635 4173 cumulatissrmo
664 4025 903 4152 tandem
931 4025 1392 4157 devolveretur?
1431 4034 1510 4156 Et
1536 4024 1716 4168 sane)
1875 4130 1879 4135 -

70 4242 441 4378 magnopere
472 4191 801 4369 optandum
830 4190 972 4323 esset
1006 4290 1024 4339 ,
1078 4230 1145 4324 ut
1174 4197 1274 4324 vel
1301 4202 1419 4362 jam
1448 4196 1717 4367 aspedus
1794 4209 1797 4213 ’

67 4382 388 4515 Fortuna,
427 4402 556 4515 tuas
590 4368 760 4496 dotes
804 4369 1067 4493 numeris
1105 4362 1386 4495 omnibus
1468 4374 1713 4506 ariaret,

62 4547 160 4674 vel
192 4569 476 4715 parentes
504 4539 591 4661 tui
622 4572 744 4661 tam
775 4538 1076 4704 integrum
1090 4536 1407 4707 imperium
1420 4408 1721 4705 lbgallents

58 4752 258 4885 quam
287 4744 355 4833 tu
382 4704 601 4875 smgula
633 4708 901 4831 Heroica
926 4742 1172 4835 munera
1203 4695 1616 4831 universorum
1642 4700 1722 4831 sr-

56 4884 189 5011 mul
207 4882 528 5051 parentum
543 4870 666 5000 rari
679 4867 1580 5039 commendationedecerpseris:
1596 4874 1720 5003 Ve-

59 5094 204 5179 rum
233 5087 381 5174 cum
412 5081 554 5191 te),
608 5078 890 5213 tuamque
917 5039 1204 5171 familiam
1249 5075 1374 5167 tam
1404 5036 1721 5205 insolenter

63 5227 341 5349 Fortuna
355 5210 750 5383 perstrinxerit
766 5307 783 5355 ‚
800 5222 867 5342 δ’(
883 5209 1206 5383 castigbit,
1233 5208 1383 5339 nihil
1410 5202 1520 5330 tibi
1543 5208 1724 5336 relin=

65 5396 322 5559 quitur,
355 5417 562 5545 praeter
591 5374 895 5507 indomita
934 5388 1151 5508 mentis
1179 5380 1394 5526 robur,
1444 5418 1572 5582 guo
1600 5372 1724 5506 fata
1869 5428 1873 5435 ·

65 5560 319 5684 duriora
350 5550 430 5677 src
466 5547 757 5721 propellas
781 5646 806 5695 ⁸,
854 5582 922 5673 ut
959 5548 1291 5678 extindbmr
1318 5587 1494 5720 poene
1526 5550 1722 5718 Impe=

72 5736 232 5854 rium
266 5722 344 5846 ab
377 5724 617 5847 interitu
647 5750 706 5839 te
738 5757 1110 5867 revocare),
1162 5730 1227 5853 ὅ(
1259 5725 1322 5845 in
1359 5710 1721 6011 griffinum-2

9 6004 11 6036 r
83 5909 354 6069 uigorem
384 5926 718 6058 reponere)
746 5982 766 6035 ,
798 5886 972 6017 ‘orbis
993 5890 1196 6065 videat
1222 5898 1289 6025 &
1320 5932 1362 6016 o
1403 5880 1720 6185 stupelsgat.

939 6076 1141 6167 *ltin*
1626 6091 1731 6181 11⁴1.
